@misc{ug380,
		author	= "Xilinx",
		title		= "Spartan-6 FPGA Configuration User Guide UG380",
		year		= "2015",
		howpublished	= "\url{http://www.xilinx.com/support/documentation/user_guides/ug380.pdf}"
}

@misc{an0030,
		author	= "Silicon Labs",
		title		= "FAT on SD Card AN0030 - Application Note",
		year		= "2013",
		howpublished	= "\url{https://www.silabs.com/Support\%20Documents/TechnicalDocs/AN0030.pdf}"
}
@misc{xapp495,
		author	= "Xilinx",
		title		= "Implementing a TMDS Video Interface in the
Spartan-6 FPGA",
		year		= "2010",
		howpublished	= "\url{http://www.xilinx.com/support/documentation/application_notes/xapp495_S6TMDS_Video_Interface.pdf}"
}

@misc{intelxeonfpga,
        author = "Diane Bryant",
        title = "Disrupting the Data Center to Create the Digital Services Economy",
        year = "2014",
        howpublished = "\url{https://communities.intel.com/community/itpeernetwork/datastack/blog/2014/06/18/disrupting-the-data-center-to-create-the-digital-services-economy}"
}

@inbook{fpgaprosandcons,
    author = "Scott Hauck and André DeHon",
    title = "Systems on Silicon : Reconfigurable Computing : The Theory and Practice of FPGA-Based Computation ",
    publisher = "Morgan Kaufmann",
    year = "2008",
    chapter = "21.1"
}

@proceedings{chiselpaper,
    author = "Jonathan Bachrach and
        Huy Vo and
        Brian Richards and
        Yunsup Lee and
        Andrew Waterman and
        Rimas Avižienis and
        John Wawrzynek and
        Krste Asanović",
    title = "Chisel: Constructing Hardware in a Scala Embedded Language",
    organization = "Design Automation Conference",
    year = "2012"
}
